% Source of discovery of Kaon and Lambda
@article{KLDiscovery,
author = {Novaes, Sergio},
year = {2000},
month = {02},
pages = {9},
title = {Standard Model: An Introduction}
}

% KShort branching ratio: 69.20 \pm 0.05 % 
@article{KBranchingRatio,
  author    = {S. Navas et al.},
  title     = {Review of Particle Physics},
  journal   = {Physical Review D},
  volume    = {110},
  pages     = {030001},
  year      = {2024},
}

% Lambda branching ratio: 63.9 \pm 0.5 %
@article{LBranchingRatio,
  author    = {P.A. Zyla et al.},
  title     = {Review of Particle Physics},
  journal   = {Progress of Theoretical and Experimental Physics},
  volume    = {2020},
  pages     = {083C01},
  year      = {2020},
}

% Discovery of X(3872)
@article{MultiquarkDiscovery,
  title = {Observation of a Narrow Charmoniumlike State in Exclusive ${B}^{\ifmmode\pm\else\textpm\fi{}}\ensuremath{\rightarrow}{K}^{\ifmmode\pm\else\textpm\fi{}}{\ensuremath{\pi}}^{+}{\ensuremath{\pi}}^{\ensuremath{-}}J/\ensuremath{\psi}$ Decays},
  author = {Choi, S.-K. and Olsen, S. L. and Abe, K. and Abe, T. and Adachi, I. and Ahn, Byoung Sup and Aihara, H. and Akai, K. and Akatsu, M. and Akemoto, M. and Asano, Y. and Aso, T. and Aulchenko, V. and Aushev, T. and Bakich, A. M. and Ban, Y. and Banerjee, S. and Bondar, A. and Bozek, A. and Bra\ifmmode \check{c}\else \v{c}\fi{}ko, M. and Brodzicka, J. and Browder, T. E. and Chang, P. and Chao, Y. and Chen, K.-F. and Cheon, B. G. and Chistov, R. and Choi, Y. and Choi, Y. K. and Danilov, M. and Dong, L. Y. and Drutskoy, A. and Eidelman, S. and Eiges, V. and Flanagan, J. and Fukunaga, C. and Furukawa, K. and Gabyshev, N. and Gershon, T. and Golob, B. and Guler, H. and Guo, R. and Hagner, C. and Handa, F. and Hara, T. and Hastings, N. C. and Hayashii, H. and Hazumi, M. and Hinz, L. and Hoshi, Y. and Hou, W.-S. and Hsiung, Y. B. and Huang, H.-C. and Iijima, T. and Inami, K. and Ishikawa, A. and Itoh, R. and Iwasaki, M. and Iwasaki, Y. and Kang, J. H. and Kataoka, S. U. and Katayama, N. and Kawai, H. and Kawasaki, T. and Kichimi, H. and Kikutani, E. and Kim, H. J. and Kim, Hyunwoo and Kim, J. H. and Kim, S. K. and Kinoshita, K. and Koiso, H. and Koppenburg, P. and Korpar, S. and Kri\ifmmode \check{z}\else \v{z}\fi{}an, P. and Krokovny, P. and Kumar, S. and Kuzmin, A. and Lange, J. S. and Leder, G. and Lee, S. H. and Lesiak, T. and Lin, S.-W. and Liventsev, D. and MacNaughton, J. and Majumder, G. and Mandl, F. and Marlow, D. and Matsumoto, T. and Michizono, S. and Mimashi, T. and Mitaroff, W. and Miyabayashi, K. and Miyake, H. and Mohapatra, D. and Moloney, G. R. and Nagamine, T. and Nagasaka, Y. and Nakadaira, T. and Nakamura, T. T. and Nakao, M. and Natkaniec, Z. and Nishida, S. and Nitoh, O. and Nozaki, T. and Ogawa, S. and Ogawa, Y. and Ohmi, K. and Ohnishi, Y. and Ohshima, T. and Ohuchi, N. and Oide, K. and Okabe, T. and Okuno, S. and Ostrowicz, W. and Ozaki, H. and Palka, H. and Park, H. and Parslow, N. and Piilonen, L. E. and Sagawa, H. and Saitoh, S. and Sakai, Y. and Sarangi, T. R. and Satapathy, M. and Satpathy, A. and Schneider, O. and Schwartz, A. J. and Semenov, S. and Senyo, K. and Seuster, R. and Sevior, M. E. and Shibuya, H. and Shidara, T. and Shwartz, B. and Sidorov, V. and Soni, N. and Stani\ifmmode \check{c}\else \v{c}\fi{}, S. and Stari\ifmmode \check{c}\else \v{c}\fi{}, M. and Sugiyama, A. and Sumiyoshi, T. and Suzuki, S. and Takasaki, F. and Tamai, K. and Tamura, N. and Tanaka, M. and Tawada, M. and Taylor, G. N. and Teramoto, Y. and Tomura, T. and Trabelsi, K. and Tsukamoto, T. and Uehara, S. and Ueno, K. and Unno, Y. and Uno, S. and Varner, G. and Varvell, K. E. and Wang, C. C. and Wang, C. H. and Wang, J. G. and Watanabe, Y. and Won, E. and Yabsley, B. D. and Yamada, Y. and Yamaguchi, A. and Yamashita, Y. and Yanai, H. and Yang, Heyoung and Ying, J. and Yoshida, M. and Zhang, C. C. and Zhang, Z. P. and \ifmmode \check{Z}\else \v{Z}\fi{}ontar, D.},
  collaboration = {Belle Collaboration},
  journal = {Phys. Rev. Lett.},
  volume = {91},
  issue = {26},
  pages = {262001},
  numpages = {6},
  year = {2003},
  month = {Dec},
  publisher = {American Physical Society},
  doi = {10.1103/PhysRevLett.91.262001},
  url = {https://link.aps.org/doi/10.1103/PhysRevLett.91.262001}
}


% Discovery of the Higgs in 2012
@article{HiggsDiscovery,
   title={Observation of a new particle in the search for the Standard Model Higgs boson with the ATLAS detector at the LHC},
   volume={716},
   ISSN={0370-2693},
   url={http://dx.doi.org/10.1016/j.physletb.2012.08.020},
   DOI={10.1016/j.physletb.2012.08.020},
   number={1},
   journal={Physics Letters B},
   publisher={Elsevier BV},
   author={Aad, G. et al.},
   year={2012},
   month=sep, pages={1â€“29} }
